@article{methylationgeneral2012,
    doi = {10.1038/npp.2012.112},
    url = {https://doi.org/10.1038%2Fnpp.2012.112},
    year = 2012,
    month = {jul},
    publisher = {Springer Science and Business Media {LLC}},
    volume = {38},
    number = {1},
    pages = {23--38},
    author = {Lisa D Moore and Thuc Le and Guoping Fan},
    title = {{DNA} Methylation and Its Basic Function},
    journal = {Neuropsychopharmacology}
}

@article{methylationhistoric2022,
    doi = {10.1016/j.tig.2022.03.010},
    url = {https://doi.org/10.1016%2Fj.tig.2022.03.010},
    year = 2022,
    month = {jul},
    publisher = {Elsevier {BV}},
    volume = {38},
    number = {7},
    pages = {676--707},
    author = {Alexandra L. Mattei and Nina Bailly and Alexander Meissner},
    title = {{DNA} methylation: a historical perspective},
    journal = {Trends in Genetics}
}

@article{methylationcancer2016,
    doi = {10.1101/cshperspect.a019505},
    url = {https://doi.org/10.1101%2Fcshperspect.a019505},
    year = 2016,
    month = {may},
    publisher = {Cold Spring Harbor Laboratory},
    volume = {8},
    number = {9},
    pages = {a019505},
    author = {Stephen B. Baylin and Peter A. Jones},
    title = {Epigenetic Determinants of Cancer},
    journal = {Cold Spring Harbor Perspectives in Biology}
}

@article{methylationcancer2021,
    doi = {10.1016/j.tig.2021.05.002},
    url = {https://doi.org/10.1016%2Fj.tig.2021.05.002},
    year = 2021,
    month = {nov},
    publisher = {Elsevier {BV}},
    volume = {37},
    number = {11},
    pages = {1012--1027},
    author = {Atsuya Nishiyama and Makoto Nakanishi},
    title = {Navigating the {DNA} methylation landscape of cancer},
    journal = {Trends in Genetics}
}

@article{methylationdepression2023,
    doi = {10.1038/s41392-023-01519-z},
    url = {https://doi.org/10.1038%2Fs41392-023-01519-z},
    year = 2023,
    month = {aug},
    publisher = {Springer Science and Business Media {LLC}},
    volume = {8},
    number = {1},
    author = {Minlan Yuan and Biao Yang and Gerson Rothschild and J. John Mann and Larry D. Sanford and Xiangdong Tang and Canhua Huang and Chuang Wang and Wei Zhang},
    title = {Epigenetic regulation in major depression and other stress-related disorders: molecular mechanisms, clinical relevance and therapeutic potential},
    journal = {Signal Transduction and Targeted Therapy}
}

@article{methylationretinal2023,
    doi = {10.3389/fcell.2023.1224078},
    url = {https://doi.org/10.3389%2Ffcell.2023.1224078},
    year = 2023,
    month = {aug},
    publisher = {Frontiers Media {SA}},
    volume = {11},
    author = {Annie L. Miller and Rebekah E. James and Alan R. Harvey and Dragana Trifunovi{\'{c}} and Livia S. Carvalho},
    title = {The role of epigenetic changes in the pathology and treatment of inherited retinal diseases},
    journal = {Frontiers in Cell and Developmental Biology}
}

@article{methylationheart2021,
    doi = {10.1186/s13148-021-01077-7},
    url = {https://doi.org/10.1186%2Fs13148-021-01077-7},
    year = 2021,
    month = {apr},
    publisher = {Springer Science and Business Media {LLC}},
    volume = {13},
    number = {1},
    author = {Jiali Cao and Qichang Wu and Yanru Huang and Lingye Wang and Zhiying Su and Huiming Ye},
    title = {The role of {DNA} methylation in syndromic and non-syndromic congenital heart disease},
    journal = {Clinical Epigenetics}
}
