%%%%%%%%%%%%%%%%%%%%%%%%%%%%%%%%%%%%%%%%%%%%%%%%%%%%%%%%%%%%%%%%%%%%%%%%%%%%%%
%%%%%%%%%%%%%%%%%%%%%%%%%%%%%%%%%% PACKAGES %%%%%%%%%%%%%%%%%%%%%%%%%%%%%%%%%%
%%%%%%%%%%%%%%%%%%%%%%%%%%%%%%%%%%%%%%%%%%%%%%%%%%%%%%%%%%%%%%%%%%%%%%%%%%%%%%

@article{cooler2020,
    author = {Abdennur, Nezar and Mirny, Leonid A},
    title = "{Cooler: scalable storage for Hi-C data and other genomically labeled arrays}",
    journal = {Bioinformatics},
    volume = {36},
    number = {1},
    pages = {311--316},
    year = {2020},
    doi = {10.1093/bioinformatics/btz540},
    url = {https://doi.org/10.1093/bioinformatics/btz540},
}

@unpublished{cooltools2022,
    author = {Open2C and Nezar Abdennur and Sameer Abraham and Geoffrey Fudenberg and Ilya M. Flyamer and Aleksandra A. Galitsyna and Anton Goloborodko and Maxim Imakaev and Betul A. Oksuz and Sergey V. Venev},
    title = {Cooltools: enabling high-resolution Hi-C analysis in Python},
    year = {2022},
    doi = {10.1101/2022.10.31.514564},
    publisher = {Cold Spring Harbor Laboratory},
    URL = {https://www.biorxiv.org/content/early/2022/11/01/2022.10.31.514564},
    eprint = {https://www.biorxiv.org/content/early/2022/11/01/2022.10.31.514564.full.pdf},
    journal = {bioRxiv}, 
    note = {Pre-print}
}

@article{graphtool2014,
    title = {The graph-tool python library},
    url = {http://figshare.com/articles/graph_tool/1164194},
    doi = {10.6084/m9.figshare.1164194},
    urldate = {2014-09-10},
    journal = {figshare},
    author = {Peixoto, Tiago P.},
    year = {2014},
}

@article{scipy2020,
    author = {Virtanen, Pauli and Gommers, Ralf and Oliphant, Travis E. and Haberland, Matt and Reddy, Tyler and Cournapeau, David and Burovski, Evgeni and Peterson, Pearu and Weckesser, Warren and Bright, Jonathan and {van der Walt}, St{\'e}fan J. and Brett, Matthew and Wilson, Joshua and Millman, K. Jarrod and Mayorov, Nikolay and Nelson, Andrew R. J. and Jones, Eric and Kern, Robert and Larson, Eric and Carey, C J and Polat, {\.I}lhan and Feng, Yu and Moore, Eric W. and {VanderPlas}, Jake and Laxalde, Denis and Perktold, Josef and Cimrman, Robert and Henriksen, Ian and Quintero, E. A. and Harris, Charles R. and Archibald, Anne M. and Ribeiro, Ant{\^o}nio H. and Pedregosa, Fabian and {van Mulbregt}, Paul and {SciPy 1.0 Contributors}},
    title = {{{SciPy} 1.0: Fundamental Algorithms for Scientific Computing in Python}},
    journal = {Nature Methods},
    year = {2020},
    volume = {17},
    pages = {261--272},
    adsurl = {https://rdcu.be/b08Wh},
    doi = {10.1038/s41592-019-0686-2},
}

@article{numpy2020,
    title = {Array programming with {NumPy}},
    author = {Charles R. Harris and K. Jarrod Millman and St{\'{e}}fan J. van der Walt and Ralf Gommers and Pauli Virtanen and David Cournapeau and Eric Wieser and Julian Taylor and Sebastian Berg and Nathaniel J. Smith and Robert Kern and Matti Picus and Stephan Hoyer and Marten H. van Kerkwijk and Matthew Brett and Allan Haldane and Jaime Fern{\'{a}}ndez del R{\'{i}}o and Mark Wiebe and Pearu Peterson and Pierre G{\'{e}}rard-Marchant and Kevin Sheppard and Tyler Reddy and Warren Weckesser and Hameer Abbasi and Christoph Gohlke and Travis E. Oliphant},
    year = {2020},
    month = sep,
    journal = {Nature},
    volume = {585},
    number = {7825},
    pages = {357--362},
    doi = {10.1038/s41586-020-2649-2},
    publisher = {Springer Science and Business Media {LLC}},
    url = {https://doi.org/10.1038/s41586-020-2649-2}
}

@misc{pandas2020,
    author = {The pandas development team},
    title = {pandas-dev/pandas: Pandas},
    month = feb,
    year = 2020,
    publisher = {Zenodo},
    version = {latest},
    doi = {10.5281/zenodo.3509134},
    url = {https://doi.org/10.5281/zenodo.3509134}
}

@article{pybedtools2011,
    author = {Dale, Ryan K. and Pedersen, Brent S. and Quinlan, Aaron R.},
    title = {Pybedtools: a flexible Python library for manipulating genomic datasets and annotations},
    journal = {Bioinformatics},
    volume = {27},
    number = {24},
    pages = {3423-3424},
    year = {2011},
    month = {09},
    issn = {1367-4803},
    doi = {10.1093/bioinformatics/btr539},
    url = {https://doi.org/10.1093/bioinformatics/btr539},
}

@article{seaborn2021,
    doi = {10.21105/joss.03021},
    url = {https://doi.org/10.21105/joss.03021},
    year = {2021},
    publisher = {The Open Journal},
    volume = {6},
    number = {60},
    pages = {3021},
    author = {Michael L. Waskom},
    title = {seaborn: statistical data visualization},
    journal = {Journal of Open Source Software}
}

@article{matplotlib2007,
  Author    = {Hunter, J. D.},
  Title     = {Matplotlib: A 2D graphics environment},
  Journal   = {Computing in Science \& Engineering},
  Volume    = {9},
  Number    = {3},
  Pages     = {90--95},
  publisher = {IEEE COMPUTER SOC},
  doi       = {10.1109/MCSE.2007.55},
  year      = 2007
}

% TODO: Check package versions
@misc{memprof,
    title = {memory-profiler},
    year = {2022},
    url = {https://pypi.org/project/memory-profiler/},
    note = {Version 0.61.0},
}

@misc{lineprof,
    title = {line\_profiler},
    year = {2023},
    url = {https://github.com/pyutils/line\_profiler},
    note = {Version 4.1.1},
}

@article{pairix2022,
    author = {Lee, Soohyun and Bakker, Clara R and Vitzthum, Carl and Alver, Burak H and Park, Peter J},
    title = "{Pairs and Pairix: a file format and a tool for efficient storage and retrieval for Hi-C read pairs}",
    journal = {Bioinformatics},
    volume = {38},
    number = {6},
    pages = {1729-1731},
    year = {2022},
    month = {01},
    issn = {1367-4803},
    doi = {10.1093/bioinformatics/btab870},
    url = {https://doi.org/10.1093/bioinformatics/btab870},
    eprint = {https://academic.oup.com/bioinformatics/article-pdf/38/6/1729/49692948/btab870.pdf},
}

@misc{hdfgroup,
  author = {The HDF Group},
  title = {The HDF5\textsuperscript{\textregistered} library and file format},
  url = {https://www.hdfgroup.org/solutions/hdf5/},
  year = {Accessed on 2023-09-14},
}

%%%%%%%%%%%%%%%%%%%%%%%%%%%%%%%%%%%%%%%%%%%%%%%%%%%%%%%%%%%%%%%%%%%%%%%%%%%%%%
%%%%%%%%%%%%%%%%%%%%%%%%%%%%%%%%% ALGORITHMS %%%%%%%%%%%%%%%%%%%%%%%%%%%%%%%%%
%%%%%%%%%%%%%%%%%%%%%%%%%%%%%%%%%%%%%%%%%%%%%%%%%%%%%%%%%%%%%%%%%%%%%%%%%%%%%%

@article{hicprocessing2018,
    doi = {10.1007/s12551-018-0489-1},
    url = {https://doi.org/10.1007%2Fs12551-018-0489-1},
    year = 2018,
    month = {dec},
    publisher = {Springer Science and Business Media {LLC}},
    volume = {11},
    number = {1},
    pages = {67--78},
    author = {Koustav Pal and Mattia Forcato and Francesco Ferrari},
    title = {Hi-C analysis: from data generation to integration},
    journal = {Biophysical Reviews}
}

@article{readfiltering2013,
    doi = {10.1038/nature12644},
    url = {https://doi.org/10.1038%2Fnature12644},
    year = 2013,
    month = {oct},
    publisher = {Springer Science and Business Media {LLC}},
    volume = {503},
    number = {7475},
    pages = {290--294},
    author = {Fulai Jin and Yan Li and Jesse R. Dixon and Siddarth Selvaraj and Zhen Ye and Ah Young Lee and Chia-An Yen and Anthony D. Schmitt and Celso A. Espinoza and Bing Ren},
    title = {A high-resolution map of the three-dimensional chromatin interactome in human cells},
    journal = {Nature}
}

@article{complexfiltering2017,
    doi = {10.1038/nature24281},
    url = {https://doi.org/10.1038%2Fnature24281},
    year = 2017,
    month = {sep},
    publisher = {Springer Science and Business Media {LLC}},
    volume = {551},
    number = {7678},
    pages = {51--56},
    author = {Wibke Schwarzer and Nezar Abdennur and Anton Goloborodko and Aleksandra Pekowska and Geoffrey Fudenberg and Yann Loe-Mie and Nuno A Fonseca and Wolfgang Huber and Christian H. Haering and Leonid Mirny and Francois Spitz},
    title = {Two independent modes of chromatin organization revealed by cohesin removal},
    journal = {Nature}
}

@inproceedings{contrast2020,
    author = {Lanciano, Tommaso and Bonchi, Francesco and Gionis, Aristides},
    title = {Explainable Classification of Brain Networks via Contrast Subgraphs},
    year = {2020},
    isbn = {9781450379984},
    publisher = {Association for Computing Machinery},
    address = {New York, NY, USA},
    url = {https://doi.org/10.1145/3394486.3403383},
    doi = {10.1145/3394486.3403383},
    booktitle = {Proceedings of the 26th ACM SIGKDD International Conference on Knowledge Discovery \& Data Mining},
    pages = {3308â€“3318},
    numpages = {11},
    location = {Virtual Event, CA, USA},
    series = {KDD '20}
}

@article{contrast2023,
    author = {Lanciano, Tommaso and Savino, Aurora and Porcu, Francesca and Cittaro, Davide and Bonchi, Francesco and Provero, Paolo},
    title = "{Contrast subgraphs allow comparing homogeneous and heterogeneous networks derived from omics data}",
    journal = {GigaScience},
    volume = {12},
    pages = {giad010},
    year = {2023},
    month = {02},
    issn = {2047-217X},
    doi = {10.1093/gigascience/giad010},
    url = {https://doi.org/10.1093/gigascience/giad010},
    eprint = {https://academic.oup.com/gigascience/article-pdf/doi/10.1093/gigascience/giad010/49349796/giad010.pdf},
}

@article{sparsification2009,
    doi = {10.1073/pnas.0808904106},
    url = {https://doi.org/10.1073%2Fpnas.0808904106},
    year = 2009,
    month = {apr},
    publisher = {Proceedings of the National Academy of Sciences},
    volume = {106},
    number = {16},
    pages = {6483--6488},
    author = {M. {\'{A}}ngeles Serrano and Mari{\'{a}}n Bogu{\~{n}}{\'{a}} and Alessandro Vespignani},
    title = {Extracting the multiscale backbone of complex weighted networks},
    journal = {Proceedings of the National Academy of Sciences}
}

@article{nullmodel2017,
    author = {Farine, Damien R.},
    title = {A guide to null models for animal social network analysis},
    journal = {Methods in Ecology and Evolution},
    volume = {8},
    number = {10},
    pages = {1309-1320},
    keywords = {group living, null model, permutation test, social network analysis, sociality},
    doi = {https://doi.org/10.1111/2041-210X.12772},
    url = {https://besjournals.onlinelibrary.wiley.com/doi/abs/10.1111/2041-210X.12772},
    eprint = {https://besjournals.onlinelibrary.wiley.com/doi/pdf/10.1111/2041-210X.12772},
    year = {2017}
}

@article{normalization2020,
    doi = {10.2144/btn-2019-0105},
    url = {https://doi.org/10.2144%2Fbtn-2019-0105},
    year = 2020,
    month = {feb},
    publisher = {Future Science Ltd},
    volume = {68},
    number = {2},
    pages = {56--64},
    author = {Hongqiang Lyu and Erhu Liu and Zhifang Wu},
    title = {Comparison of normalization methods for Hi-C data},
    journal = {{BioTechniques}}
}

@article{ice2012,
    doi = {10.1038/nmeth.2148},
    url = {https://doi.org/10.1038%2Fnmeth.2148},
    year = 2012,
    month = {sep},
    publisher = {Springer Science and Business Media {LLC}},
    volume = {9},
    number = {10},
    pages = {999--1003},
    author = {Maxim Imakaev and Geoffrey Fudenberg and Rachel Patton McCord and Natalia Naumova and Anton Goloborodko and Bryan R Lajoie and Job Dekker and Leonid A Mirny},
    title = {Iterative correction of Hi-C data reveals hallmarks of chromosome organization},
    journal = {Nature Methods}
}

@article{knightruiz2012,
    doi = {10.1093/imanum/drs019},
    url = {https://doi.org/10.1093%2Fimanum%2Fdrs019},
    year = 2012,
    month = {oct},
    publisher = {Oxford University Press ({OUP})},
    volume = {33},
    number = {3},
    pages = {1029--1047},
    author = {P. A. Knight and D. Ruiz},
    title = {A fast algorithm for matrix balancing},
    journal = {{IMA} Journal of Numerical Analysis}
}

%%%%%%%%%%%%%%%%%%%%%%%%%%%%%%%%%%%%%%%%%%%%%%%%%%%%%%%%%%%%%%%%%%%%%%%%%%%%%%
%%%%%%%%%%%%%%%%%%%%%%%%%%%%%%%%% DATABASES %%%%%%%%%%%%%%%%%%%%%%%%%%%%%%%%%%
%%%%%%%%%%%%%%%%%%%%%%%%%%%%%%%%%%%%%%%%%%%%%%%%%%%%%%%%%%%%%%%%%%%%%%%%%%%%%%

@article{4dn2022,
    doi = {10.1038/s41467-022-29697-4},
    url = {https://doi.org/10.1038%2Fs41467-022-29697-4},
    year = 2022,
    month = {may},
    publisher = {Springer Science and Business Media {LLC}},
    volume = {13},
    number = {1},
    author = {Sarah B. Reiff and Andrew J. Schroeder and Koray K{\i}rl{\i} and Andrea Cosolo and Clara Bakker and Luisa Mercado and Soohyun Lee and Alexander D. Veit and Alexander K. Balashov and Carl Vitzthum and William Ronchetti and Kent M. Pitman and Jeremy Johnson and Shannon R. Ehmsen and Peter Kerpedjiev and Nezar Abdennur and Maxim Imakaev and Serkan Utku Ã–ztÃ¼rk and U{\u{g}}ur {\c{C}}amo{\u{g}}lu and Leonid A. Mirny and Nils Gehlenborg and Burak H. Alver and Peter J. Park},
    title = {The 4D Nucleome Data Portal as a resource for searching and visualizing curated nucleomics data},
    journal = {Nature Communications}
}

%%%%%%%%%%%%%%%%%%%%%%%%%%%%%%%%%%%%%%%%%%%%%%%%%%%%%%%%%%%%%%%%%%%%%%%%%%%%%%
%%%%%%%%%%%%%%%%%%%%%%%%%%%%%%%%% BIOLOGICAL %%%%%%%%%%%%%%%%%%%%%%%%%%%%%%%%%
%%%%%%%%%%%%%%%%%%%%%%%%%%%%%%%%%%%%%%%%%%%%%%%%%%%%%%%%%%%%%%%%%%%%%%%%%%%%%%

@article{distancedecay2009,
    doi = {10.1126/science.1181369},
    url = {https://doi.org/10.1126%2Fscience.1181369},
    year = 2009,
    month = {oct},
    publisher = {American Association for the Advancement of Science ({AAAS})},
    volume = {326},
    number = {5950},
    pages = {289--293},
    author = {Erez Lieberman-Aiden and Nynke L. van Berkum and Louise Williams and Maxim Imakaev and Tobias Ragoczy and Agnes Telling and Ido Amit and Bryan R. Lajoie and Peter J. Sabo and Michael O. Dorschner and Richard Sandstrom and Bradley Bernstein and M. A. Bender and Mark Groudine and Andreas Gnirke and John Stamatoyannopoulos and Leonid A. Mirny and Eric S. Lander and Job Dekker},
    title = {Comprehensive Mapping of Long-Range Interactions Reveals Folding Principles of the Human Genome},
    journal = {Science}
}

@Inbook{epigeneticbook2020,
    author = "Zhang, Lian and Lu, Qianjin and Chang, Christopher",
    title = "Epigenetics in Health and Disease",
    bookTitle = "Epigenetics in Allergy and Autoimmunity",
    year = "2020",
    publisher = "Springer Singapore",
    address = "Singapore",
    pages = "3--55",
    isbn = "978-981-15-3449-2",
    doi = "10.1007/978-981-15-3449-2_1",
    url = "https://doi.org/10.1007/978-981-15-3449-2_1"
}

@article{methylationgeneral2012,
    doi = {10.1038/npp.2012.112},
    url = {https://doi.org/10.1038%2Fnpp.2012.112},
    year = 2012,
    month = {jul},
    publisher = {Springer Science and Business Media {LLC}},
    volume = {38},
    number = {1},
    pages = {23--38},
    author = {Lisa D Moore and Thuc Le and Guoping Fan},
    title = {{DNA} Methylation and Its Basic Function},
    journal = {Neuropsychopharmacology}
}

@article{methylationhistoric2022,
    doi = {10.1016/j.tig.2022.03.010},
    url = {https://doi.org/10.1016%2Fj.tig.2022.03.010},
    year = 2022,
    month = {jul},
    publisher = {Elsevier {BV}},
    volume = {38},
    number = {7},
    pages = {676--707},
    author = {Alexandra L. Mattei and Nina Bailly and Alexander Meissner},
    title = {{DNA} methylation: a historical perspective},
    journal = {Trends in Genetics}
}

@article{methylationcancer2016,
    doi = {10.1101/cshperspect.a019505},
    url = {https://doi.org/10.1101%2Fcshperspect.a019505},
    year = 2016,
    month = {may},
    publisher = {Cold Spring Harbor Laboratory},
    volume = {8},
    number = {9},
    pages = {a019505},
    author = {Stephen B. Baylin and Peter A. Jones},
    title = {Epigenetic Determinants of Cancer},
    journal = {Cold Spring Harbor Perspectives in Biology}
}

@article{methylationcancer2021,
    doi = {10.1016/j.tig.2021.05.002},
    url = {https://doi.org/10.1016%2Fj.tig.2021.05.002},
    year = 2021,
    month = {nov},
    publisher = {Elsevier {BV}},
    volume = {37},
    number = {11},
    pages = {1012--1027},
    author = {Atsuya Nishiyama and Makoto Nakanishi},
    title = {Navigating the {DNA} methylation landscape of cancer},
    journal = {Trends in Genetics}
}

@article{methylationdepression2023,
    doi = {10.1038/s41392-023-01519-z},
    url = {https://doi.org/10.1038%2Fs41392-023-01519-z},
    year = 2023,
    month = {aug},
    publisher = {Springer Science and Business Media {LLC}},
    volume = {8},
    number = {1},
    author = {Minlan Yuan and Biao Yang and Gerson Rothschild and J. John Mann and Larry D. Sanford and Xiangdong Tang and Canhua Huang and Chuang Wang and Wei Zhang},
    title = {Epigenetic regulation in major depression and other stress-related disorders: molecular mechanisms, clinical relevance and therapeutic potential},
    journal = {Signal Transduction and Targeted Therapy}
}

@article{methylationretinal2023,
    doi = {10.3389/fcell.2023.1224078},
    url = {https://doi.org/10.3389%2Ffcell.2023.1224078},
    year = 2023,
    month = {aug},
    publisher = {Frontiers Media {SA}},
    volume = {11},
    author = {Annie L. Miller and Rebekah E. James and Alan R. Harvey and Dragana Trifunovi{\'{c}} and Livia S. Carvalho},
    title = {The role of epigenetic changes in the pathology and treatment of inherited retinal diseases},
    journal = {Frontiers in Cell and Developmental Biology}
}

@article{methylationheart2021,
    doi = {10.1186/s13148-021-01077-7},
    url = {https://doi.org/10.1186%2Fs13148-021-01077-7},
    year = 2021,
    month = {apr},
    publisher = {Springer Science and Business Media {LLC}},
    volume = {13},
    number = {1},
    author = {Jiali Cao and Qichang Wu and Yanru Huang and Lingye Wang and Zhiying Su and Huiming Ye},
    title = {The role of {DNA} methylation in syndromic and non-syndromic congenital heart disease},
    journal = {Clinical Epigenetics}
}

@article{chromatinfiber2015,
    doi = {10.1016/j.febslet.2015.04.023},
    url = {https://doi.org/10.1016%2Fj.febslet.2015.04.023},
    year = 2015,
    month = {apr},
    publisher = {Wiley},
    volume = {589},
    number = {20PartA},
    pages = {2893--2904},
    author = {Guohong Li and Ping Zhu},
    title = {Structure and organization of chromatin fiber in the nucleus},
    journal = {{FEBS} Letters}
}

@article{chromatinstructure2018,
    doi = {10.1038/s41594-018-0166-x},
    url = {https://doi.org/10.1038%2Fs41594-018-0166-x},
    year = 2018,
    month = {dec},
    publisher = {Springer Science and Business Media {LLC}},
    volume = {26},
    number = {1},
    pages = {3--13},
    author = {Keda Zhou and Guillaume Gaullier and Karolin Luger},
    title = {Nucleosome structure and dynamics are coming of age},
    journal = {Nature Structural \& Molecular Biology}
}

@incollection{histonemodifications2020,
    doi = {10.1007/978-981-15-8104-5_1},
    url = {https://doi.org/10.1007%2F978-981-15-8104-5_1},
    year = 2020,
    month = {nov},
    publisher = {Springer Singapore},
    pages = {1--16},
    author = {Yanjun Zhang and Zhongxing Sun and Junqi Jia and Tianjiao Du and Nachuan Zhang and Yin Tang and Yuan Fang and Dong Fang},
    title = {Overview of Histone Modification},
    booktitle = {Histone Mutations and Cancer}
}

@article{chromatinorganization2019,
    doi = {10.1038/s41576-019-0195-2},
    url = {https://doi.org/10.1038%2Fs41576-019-0195-2},
    year = 2019,
    month = {dec},
    publisher = {Springer Science and Business Media {LLC}},
    volume = {21},
    number = {4},
    pages = {207--226},
    author = {Rieke Kempfer and Ana Pombo},
    title = {Methods for mapping 3D~chromosome architecture},
    journal = {Nature Reviews Genetics}
}

@article{chromatindevelopment2019,
    doi = {10.1038/s41580-019-0132-4},
    url = {https://doi.org/10.1038%2Fs41580-019-0132-4},
    year = 2019,
    month = {jun},
    publisher = {Springer Science and Business Media {LLC}},
    volume = {20},
    number = {9},
    pages = {535--550},
    author = {Hui Zheng and Wei Xie},
    title = {The role of 3D genome organization in development and cell differentiation},
    journal = {Nature Reviews Molecular Cell Biology}
}

@article{3coriginal2002,
    doi = {10.1126/science.1067799},
    url = {https://doi.org/10.1126%2Fscience.1067799},
    year = 2002,
    month = {feb},
    publisher = {American Association for the Advancement of Science ({AAAS})},
    volume = {295},
    number = {5558},
    pages = {1306--1311},
    author = {Job Dekker and Karsten Rippe and Martijn Dekker and Nancy Kleckner},
    title = {Capturing Chromosome Conformation},
    journal = {Science}
}

@article{4cprotocol2006,
    doi = {10.1038/ng1891},
    url = {https://doi.org/10.1038%2Fng1891},
    year = 2006,
    month = {oct},
    publisher = {Springer Science and Business Media {LLC}},
    volume = {38},
    number = {11},
    pages = {1341--1347},
    author = {Zhihu Zhao and Gholamreza Tavoosidana and Mikael SjÃ¶linder and Anita GÃ¶ndÃ¶r and Piero Mariano and Sha Wang and Chandrasekhar Kanduri and Magda Lezcano and Kuljeet Singh Sandhu and Umashankar Singh and Vinod Pant and Vijay Tiwari and Sreenivasulu Kurukuti and Rolf Ohlsson},
    title = {Circular chromosome conformation capture (4C) uncovers extensive networks of epigenetically regulated intra- and interchromosomal interactions},
    journal = {Nature Genetics}
}

@article{5cprotocol2006,
    doi = {10.1101/gr.5571506},
    url = {https://doi.org/10.1101%2Fgr.5571506},
    year = 2006,
    month = {sep},
    publisher = {Cold Spring Harbor Laboratory},
    volume = {16},
    number = {10},
    pages = {1299--1309},
    author = {Jos{\'{e}}e Dostie and Todd A. Richmond and Ramy A. Arnaout and Rebecca R. Selzer and William L. Lee and Tracey A. Honan and Eric D. Rubio and Anton Krumm and Justin Lamb and Chad Nusbaum and Roland D. Green and Job Dekker},
    title = {Chromosome Conformation Capture Carbon Copy (5C): A massively parallel solution for mapping interactions between genomic elements},
    journal = {Genome Research}
}

@article{hicoriginal2009,
    doi = {10.1126/science.1181369},
    url = {https://doi.org/10.1126%2Fscience.1181369},
    year = 2009,
    month = {oct},
    publisher = {American Association for the Advancement of Science ({AAAS})},
    volume = {326},
    number = {5950},
    pages = {289--293},
    author = {Erez Lieberman-Aiden and Nynke L. van Berkum and Louise Williams and Maxim Imakaev and Tobias Ragoczy and Agnes Telling and Ido Amit and Bryan R. Lajoie and Peter J. Sabo and Michael O. Dorschner and Richard Sandstrom and Bradley Bernstein and M. A. Bender and Mark Groudine and Andreas Gnirke and John Stamatoyannopoulos and Leonid A. Mirny and Eric S. Lander and Job Dekker},
    title = {Comprehensive Mapping of Long-Range Interactions Reveals Folding Principles of the Human Genome},
    journal = {Science}
}

@article{insituhic2014,
    doi = {10.1016/j.cell.2014.11.021},
    url = {https://doi.org/10.1016%2Fj.cell.2014.11.021},
    year = 2014,
    month = {dec},
    publisher = {Elsevier {BV}},
    volume = {159},
    number = {7},
    pages = {1665--1680},
    author = {Suhas~S.P. Rao and Miriam~H. Huntley and Neva~C. Durand and Elena~K. Stamenova and Ivan~D. Bochkov and James~T. Robinson and Adrian~L. Sanborn and Ido Machol and Arina~D. Omer and Eric~S. Lander and Erez~Lieberman Aiden},
    title = {A 3D Map of the Human Genome at Kilobase Resolution Reveals Principles of Chromatin Looping},
    journal = {Cell}
}

@article{microc2015,
    doi = {10.1016/j.cell.2015.05.048},
    url = {https://doi.org/10.1016%2Fj.cell.2015.05.048},
    year = 2015,
    month = {jul},
    publisher = {Elsevier {BV}},
    volume = {162},
    number = {1},
    pages = {108--119},
    author = {Tsung-Han~S. Hsieh and Assaf Weiner and Bryan Lajoie and Job Dekker and Nir Friedman and Oliver~J. Rando},
    title = {Mapping Nucleosome Resolution Chromosome Folding in Yeast by Micro-C},
    journal = {Cell}
}

